1747 2620
291 957 354 996 10.

291 1089 355 1128 11.

291 1222 354 1261 12.

290 1354 354 1394 13.

292 1486 356 1525 14.

290 1619 354 1659 15.

292 1752 355 1791 16.

291 1884 355 1923 17.

291 2016 355 2056 18.

292 2149 355 2188 19.

292 2281 357 2320 20.

404 166 570 204 Reddas
594 165 855 204 incolumem.
881 177 1037 215 precor,

511 232 565 270 Et
587 244 727 269 serves
750 231 912 269 animae
934 231 1154 268 dimidium
1178 243 1304 269 meae.

402 298 474 336 Illi
496 298 619 336 robur
640 302 682 336 et
702 309 770 335 aes
791 297 948 347 triplex

510 364 631 404 Circa
651 368 795 414 pectus
817 367 919 410 erat,
943 363 1015 413 qui
1038 363 1232 412 fragilem
1253 363 1361 401 truci
1416 410 1418 412 v

401 430 622 470 Commisit
644 429 792 481 pelago
814 434 946 468 ratem

511 496 689 543 Primus,
714 509 788 534 nec
809 496 954 534 timuit
975 496 1247 546 praecipitem
1270 496 1460 534 Africum

346 593 353 601 .
398 563 691 601 Decertantem
716 562 1009 613 Aquilonibus,

511 629 598 667 Nec
619 629 764 667 tristes
788 629 974 679 Hyadas,
998 641 1072 667 nec
1094 628 1250 667 rabiem
1272 629 1386 675 Noti,

401 695 490 741 Quo
511 708 593 733 non
615 695 772 734 arbiter
794 695 980 734 Hadriae

512 759 661 806 Maior,
684 759 831 797 tollere
854 772 927 797 seu
948 771 1101 809 ponere
1122 758 1215 796 vult
1236 759 1357 798 freta.

401 825 531 870 Quem
553 825 698 864 mortis
720 825 864 863 timuit
885 825 1071 875 gradum,

513 891 591 937 Qui
614 891 736 930 siccis
758 891 889 930 oculis
912 896 1099 929 monstra
1120 891 1322 938 natantia,

402 957 481 1004 Qui
504 957 612 996 vidit
633 970 743 996 mare
766 958 980 1007 turgidum
1002 961 1044 996 et

513 1024 699 1062 Infames
721 1024 925 1075 scopulos,
948 1023 1287 1063 Acroceraunia?

401 1090 693 1140 Nequicquam
715 1091 817 1129 deus
840 1090 1020 1128 abscidit

513 1156 703 1195 Prudens
726 1156 888 1195 Oceano
910 1156 1168 1195 dissociabili

402 1223 564 1270 Terras,
588 1223 623 1261 si
644 1227 784 1261 tamen
807 1222 959 1273 impiae

511 1289 607 1327 Non
627 1289 838 1339 tangenda
859 1293 970 1327 rates
991 1289 1238 1327 transiliunt
1259 1289 1375 1328 vada.

401 1354 550 1393 Audax
573 1355 712 1393 omnia
732 1355 896 1406 perpeti

513 1421 625 1460 Gens
647 1421 830 1460 humana
850 1421 935 1460 ruit
956 1433 1030 1472 per
1050 1421 1229 1460 vetitum
1251 1422 1382 1460 nefas.

402 1487 552 1526 Audax
576 1487 712 1538 Iapeti
733 1500 863 1537 genus

513 1554 659 1604 Ignem
681 1554 827 1593 fraude
849 1554 959 1593 mala
980 1554 1174 1604 gentibus
1197 1554 1354 1592 intulit.

402 1619 506 1658 Post
527 1620 665 1670 ignem
687 1621 874 1659 aetheria
895 1621 1015 1659 domo

514 1686 770 1725 Subductum
792 1687 944 1726 macies
967 1691 1009 1725 et
1030 1699 1139 1725 nova
1160 1687 1342 1725 febrium

403 1752 543 1791 Terris
566 1753 755 1792 incubuit
776 1753 936 1802 cohors,

514 1818 755 1870 Semotique
776 1820 892 1870 prius
913 1820 1035 1858 tarda
1054 1820 1282 1858 necessitas

402 1885 496 1924 Leti
518 1885 721 1936 corripuit
743 1886 928 1936 gradum.

511 1951 722 2002 Expertus
744 1964 922 1990 vacuum
943 1952 1154 1991 Daedalus
1176 1958 1273 1991 ae'ra

401 2017 558 2057 Pennis
579 2030 662 2057 non
684 2018 843 2057 homini
865 2018 976 2057 datis
995 2033 1004 2068 ;

512 2084 710 2135 Perrupit
732 2085 973 2124 Acheronta
995 2085 1228 2124 Herculeus
1250 2085 1379 2124 labor.

402 2149 476 2188 Nil
498 2151 745 2190 mortalibus
767 2151 886 2190 ardui
908 2155 992 2200 est;

510 2216 680 2255 Coelum
702 2217 839 2268 ipsum
863 2218 1043 2268 petimus
1065 2217 1262 2266 stultitia,
1285 2229 1420 2268 neque

405 2282 487 2320 Per
508 2286 697 2321 nostrum
719 2284 904 2334 patimur
925 2284 1060 2323 scelus

511 2348 721 2388 Iracunda
741 2350 885 2388 Iovem
907 2362 1059 2401 ponere
1082 2350 1274 2388 fulmina.

819 2427 896 2459 (25)
