1721 2615
586 203 682 232 From
700 201 865 232 CARMER
884 201 926 230 11.
945 201 1020 229 xvi,

407 304 561 341 Laetus
582 302 627 340 in
648 314 844 352 praesens
866 302 1029 340 animus
1051 300 1163 351 quod
1183 300 1294 339 ultra
1314 303 1378 339 est

408 371 553 410 Oderit
574 383 731 417 curare,
750 375 791 408 et
812 382 953 408 amara
974 369 1088 407 lento

408 441 628 490 Temperet
653 439 739 477 risu
760 454 767 485 ;
800 438 907 476 nihil
928 442 993 477 est
1013 438 1064 476 ab
1085 437 1199 476 omni

519 508 644 545 Parte
668 507 844 544 beatum.

409 628 598 667 Abstulit
619 628 775 666 clarum
797 627 881 666 cita
901 639 1009 665 mors
1032 626 1255 674 Achillem,

409 691 553 739 Longa
573 690 801 728 Tithonum
823 689 977 726 minuit
997 692 1200 735 senectus,

409 759 464 797 Et
488 758 590 796 mihi
612 758 767 805 forsan,
790 757 868 796 tibi
891 757 1000 808 quod
1021 756 1198 807 negarit,

520 826 712 876 Porriget
734 826 847 864 hora.

600 1013 696 1042 From
715 1012 885 1042 CARMEN
906 1012 932 1040 1.
951 1011 1016 1040 xii.

359 1145 366 1152 .
412 1114 542 1160 Quem
564 1114 699 1151 virum
721 1118 795 1152 aut
816 1113 942 1151 heroa
962 1112 1055 1163 lyra
1076 1112 1140 1150 vel
1162 1110 1247 1150 acri

413 1183 535 1221 Tibia
556 1182 685 1220 sumis
708 1181 927 1229 celebrare,
950 1180 1053 1229 Clio,

413 1254 542 1297 Quem
565 1251 685 1289 deum
704 1251 723 1288 ?
755 1250 883 1289 Cuius
906 1249 1064 1288 recinet
1085 1249 1222 1287 iocosa

524 1320 687 1357 Nomen
710 1318 846 1367 imago

412 1440 501 1479 Aut
521 1440 565 1478 in
586 1439 793 1478 umbrosis
816 1438 1036 1477 Heliconis
1058 1438 1140 1476 oris

413 1509 502 1547 Aut
523 1521 646 1559 super
667 1508 802 1546 Pindo
824 1507 1014 1557 gelidove
1035 1506 1079 1544 in
1102 1505 1298 1544 Haemo?

415 1578 538 1617 Unde
561 1576 745 1615 vocalem
767 1580 923 1614 temere
944 1575 1155 1613 insecutae

525 1645 691 1695 Orphea
712 1644 854 1690 silvae,

361 1798 367 1805 .
417 1768 520 1805 Arte
542 1770 731 1804 materna
752 1765 920 1815 rapidos
943 1767 1171 1802 morantem

414 1835 654 1873 Fluminum
676 1834 818 1884 lapsus
840 1832 1076 1882 celeresque
1092 1836 1251 1879 ventos,

414 1903 622 1942 Blandum
646 1906 687 1940 et
709 1902 867 1940 auritas
889 1901 1041 1939 fidibus
1062 1900 1224 1939 canoris

526 1972 686 2009 Ducere
710 1982 898 2020 quercus.

416 2092 576 2132 Crescit
597 2091 757 2130 occulto
778 2090 894 2128 velut
915 2089 1035 2128 arbor
1056 2100 1157 2127 aevo

418 2162 545 2199 Fama
568 2159 759 2198 Marcelli
779 2174 787 2207 ;
820 2159 946 2197 micat
967 2158 1078 2195 inter
1099 2169 1240 2195 omnes

409 2228 574 2273 Iulium
595 2228 709 2266 sidus
734 2227 847 2264 velut
869 2226 978 2264 inter
999 2225 1114 2275 ignes

530 2297 649 2334 Luna
671 2295 862 2332 minores.

777 2364 832 2394 «40
845 2364 854 2392 )
