1747 2620
269 1162 330 1201 13.

269 1317 332 1355 14.

272 1471 334 1509 15.

271 1626 333 1664 16.

273 1780 335 1818 17.

274 1935 335 1972 18.

276 2089 337 2127 19.

275 2243 339 2280 20.

376 82 444 120 Me
466 81 595 132 petit:
629 80 736 118 nihil
759 93 885 130 supra

485 159 592 196 Deos
616 158 774 196 lacesso
797 169 870 195 neo
894 161 1106 207 potentem
1128 156 1307 194 amicum

377 235 576 285 Largiora
597 235 751 284 flagito,

485 312 595 350 Satis
618 312 763 349 beatus
786 311 919 349 unicis
943 311 1118 349 Sabinis.

377 389 579 428 Truditur
601 389 688 427 dies
711 388 776 427 die

486 467 712 516 Novaeque
735 469 915 516 pergunt
937 464 1110 503 interire
1133 464 1254 502 lunae
1273 478 1280 501 :

376 545 439 582 Tu
461 543 640 582 secanda
660 555 866 582 marmora

487 622 615 659 Locas
639 620 715 658 sub
737 620 873 671 ipsum
897 620 1035 666 funus,
1059 623 1102 657 et
1123 617 1304 668 sepulcri

378 699 601 737 Immemor
623 698 751 736 struis
775 698 929 745 domos,

488 775 701 826 Marisque
725 775 822 814 Bais
845 773 1126 824 obstrepentis
1148 785 1270 823 urges

324 884 330 890 .
380 853 631 892 Submovere
654 853 791 899 litora,

488 931 640 969 Parum
668 929 853 980 locuples
874 928 1115 968 continente
1136 928 1239 978 ripa.

377 1007 486 1053 Quid
507 1007 617 1058 quod
637 1019 768 1057 usque
791 1006 1001 1057 proximos

492 1084 678 1123 Revellis
701 1083 791 1133 agri
812 1083 1013 1122 terminos
1035 1086 1077 1121 et
1098 1082 1212 1121 ultra

379 1162 555 1200 Limites
578 1161 794 1200 clientium

490 1238 598 1277 Salis
621 1250 769 1277 avarus
785 1239 805 1276 ⁴?
855 1236 1035 1275 Pellitur
1056 1240 1252 1287 paternos

379 1316 431 1354 In
452 1315 548 1355 sinu
569 1315 708 1354 ferens
730 1315 828 1353 deos

489 1394 544 1431 Et
564 1405 668 1431 uxor
689 1397 732 1431 et
752 1392 817 1430 vir
838 1391 1110 1442 sordidosque
1132 1395 1264 1430 natos.

382 1470 512 1509 Nulla
532 1470 685 1509 certior
706 1474 847 1508 tamen

491 1547 671 1598 Rapacis
695 1546 790 1586 Orci
812 1546 894 1585 fine
915 1545 1129 1585 destinata

380 1624 492 1663 Aula
511 1624 687 1663 divitem
708 1628 850 1663 manet

490 1703 630 1740 Erum.
683 1701 791 1748 Quid
812 1701 926 1740 ultra
945 1700 1085 1739 tendis
1105 1701 1124 1738 ?
1174 1700 1323 1750 Aequa
1341 1698 1469 1738 tellus

384 1779 563 1830 Pauperi
586 1779 815 1818 recluditur

493 1857 736 1906 Regumque
759 1856 913 1906 pueris,
936 1867 1011 1894 nec
1032 1854 1202 1894 satelles
1226 1854 1322 1893 Orci

384 1913 593 1974 Callidum
614 1933 867 1972 Promethea

495 2010 676 2050 Revexit
697 2022 796 2049 auro
818 2014 977 2061 captus.
1038 2009 1122 2047 Hic
1142 2009 1367 2059 superbum

384 2088 607 2126 Tantalum
629 2092 754 2138 atque
775 2087 944 2126 Tantali

496 2166 638 2205 Genus
660 2169 833 2213 coercet,
856 2164 925 2203 hic
947 2165 1085 2203 levare
1106 2163 1298 2202 functum

387 2243 618 2293 Pauperem
639 2242 851 2281 laboribus

497 2319 680 2359 Vocatus
701 2323 827 2370 atque
847 2331 930 2357 non
953 2322 1122 2357 vocatus
1145 2317 1274 2356 audit.

802 2397 877 2428 (19)
