1747 2620
354 1948 389 1986 φῖ

664 81 831 110 cuum!
854 81 880 108 1.
901 80 1002 108 xxvi.

440 149 573 187 Musis
595 148 751 186 amicus
772 147 992 185 tristitiam
1013 151 1055 185 et
1076 150 1210 185 metus

440 203 616 241 Tradain
640 202 845 253 protervis
868 202 910 239 in
933 214 1043 240 mare
1066 201 1274 240 Creticum

494 258 667 296 Portare
690 257 837 303 ventis,
862 257 956 307 quis
978 256 1054 294 sub
1078 256 1204 294 Arcto

550 313 638 350 Rex
661 312 821 361 gelidae
845 316 1054 349 metuatur
1075 323 1182 358 orae,

438 388 545 433 Quid
572 387 786 425 Tiridaten
811 391 978 431 terreat,
1001 386 1120 424 unice

440 443 627 481 Securus.
678 442 712 480 O
734 454 838 491 quae
864 441 1051 479 fontibus
1074 441 1249 491 integris

494 497 672 544 Gaudes,
695 497 856 547 apricos
882 501 999 534 necte
1022 495 1156 544 flores,

547 553 678 590 Necte
702 565 791 590 meo
817 552 985 590 Lamiae
1006 564 1211 597 coronam,

438 626 628 678 Pimplea
649 626 794 666 dulcis.
850 626 920 664 Nil
945 627 1035 665 sine
1057 631 1098 665 te
1120 627 1200 664 mei

439 689 620 727 Prosunt
641 688 816 726 honores
836 704 842 726 :
876 688 985 726 hunc
1006 687 1158 727 fidibus
1179 688 1312 736 novis,

494 751 619 789 Hunc
649 750 798 789 Lesbio
820 763 982 789 sacrare
1005 750 1174 801 plectro,

548 813 688 863 Teque
710 816 887 862 tuasque
908 812 1027 851 decet
1047 824 1218 851 sorores.

688 918 856 948 CARMER
879 918 905 947 1.
924 918 974 946 ix.

441 985 570 1025 Vides
592 990 639 1024 ut
661 985 747 1024 alta
769 989 852 1024 stet
873 985 969 1023 nive
989 985 1211 1024 candidum

441 1042 620 1089 Soracte,
643 1054 718 1078 nec
741 1041 823 1079 iam
846 1041 1084 1079 sustineant
1105 1052 1208 1078 onus

497 1096 637 1134 Silvae
660 1096 911 1143 laborantes,
934 1095 1112 1146 geluque

550 1150 746 1189 Flumina
768 1150 1037 1189 constiterint
1057 1155 1189 1189 acuto.

439 1225 634 1265 Dissolve
655 1225 791 1275 frigus
816 1225 930 1274 ligna
950 1237 1075 1276 super
1095 1225 1188 1263 foco

442 1283 574 1331 Large
596 1293 812 1331 reponens,
837 1285 962 1331 atque
982 1280 1204 1330 benignius

495 1337 702 1387 Deprome
724 1336 989 1387 quadrimum
1011 1335 1174 1382 Sabina,

551 1392 584 1430 O
606 1391 866 1438 Thaliarche,
889 1403 1047 1428 merum
1069 1390 1194 1428 diota.

439 1467 643 1506 Permitte
664 1466 773 1504 divis
796 1469 946 1513 cetera,
968 1465 1041 1515 qui
1062 1465 1187 1503 simul

440 1522 632 1561 Stravere
654 1525 803 1560 ventos
826 1533 1004 1571 aequore
1025 1519 1188 1558 fervido

493 1576 826 1627 Deproeliantes,
851 1588 925 1614 nec
945 1574 1132 1626 cupressi

549 1633 636 1671 Nec
659 1636 819 1670 veteres
845 1631 1058 1681 agitantur
1079 1630 1182 1669 orni.

438 1707 547 1754 Quid
567 1708 624 1746 sit
646 1708 835 1746 futurum
860 1719 964 1754 cras,
987 1706 1085 1755 fuge
1107 1717 1316 1756 quaerere,
1340 1708 1381 1743 et

438 1763 566 1808 Quem
588 1763 690 1801 Fors
712 1762 873 1801 dierum
897 1773 1060 1811 cunque
1081 1760 1209 1808 dabit,
1227 1760 1342 1798 lucro

494 1818 680 1869 Appone,
704 1829 778 1856 nec
799 1816 940 1855 dulces
961 1828 1121 1854 amores

550 1873 706 1924 Sperne
729 1884 843 1923 puer,
868 1883 1002 1922 neque
1023 1875 1070 1909 tu
1090 1871 1274 1918 choreas,

438 1947 578 1986 Donec
600 1946 753 1985 virenti
777 1946 954 1985 canities
976 1946 1094 1984 abest

437 2003 616 2041 Morosa.
668 2003 790 2040 Nunc
813 2006 854 2039 et
876 2013 1046 2052 campus
1067 2004 1109 2039 et
1130 2012 1249 2039 areae

494 2057 710 2108 Lenesque
732 2057 809 2095 sub
831 2061 993 2094 noctem
1015 2055 1175 2095 susurri

547 2112 788 2163 Composita
809 2115 1054 2162 repetantur
1074 2111 1187 2155 hora,

438 2186 560 2225 Nunc
580 2191 623 2226 et
642 2187 814 2225 latentis
838 2186 1026 2236 proditor
1048 2185 1197 2224 intimo

439 2241 593 2280 Gratus
615 2241 779 2292 puellae
801 2241 909 2279 risus
931 2241 982 2279 ab
1003 2240 1167 2290 angulo,

491 2296 734 2347 Pignusque
760 2297 979 2346 dereptum
1004 2295 1173 2334 lacertis

548 2351 636 2389 Aut
655 2351 789 2401 digito
812 2351 919 2389 male
941 2350 1157 2400 pertinaci.

793 2419 843 2450 (31
860 2421 870 2449 )
