1721 2615
682 192 850 222 tumn
875 195 902 221 1.
922 191 1013 221 xxii.

369 292 407 333 1.
454 293 622 343 Integer
644 293 756 331 vitae
778 293 1028 342 scelerisque
1050 304 1177 342 purus

455 362 551 399 Non
572 364 666 410 eget
687 360 848 398 Mauris
871 360 1017 399 iaculis
1040 372 1174 410 neque
1195 371 1293 399 arcu

453 429 540 467 Nec
562 429 780 467 venenatis
803 428 977 478 gravida
997 427 1177 478 sagittis,

563 497 708 544 Fusce,
732 496 941 548 pharetra.

453 617 550 657 Sive
571 630 645 668 per
668 618 804 668 Syrtis
826 618 906 655 iter
928 622 1141 656 aestuosas

453 686 550 725 Sive
571 686 759 724 facturus
782 698 855 736 per
877 685 1174 736 inhospitalem

452 754 684 795 Caucasum
705 754 773 792 vel
795 766 900 804 quae
922 753 1012 792 loca
1032 753 1248 792 fabulosus

565 821 733 861 Lambit
754 822 993 873 Hydaspes,

368 943 405 982 2.
452 944 647 994 Namque
669 955 734 981 me
755 942 864 982 silva
885 943 1009 993 lupus
1034 943 1074 980 in
1099 942 1264 991 Sabina,

453 1013 563 1050 Dum
585 1023 720 1050 meam
741 1015 863 1050 canto
886 1011 1070 1061 Lalagen
1092 1014 1134 1049 et
1154 1010 1269 1050 ultra

452 1080 696 1120 'ferminum
718 1080 827 1118 curis
850 1091 978 1130 vagor
999 1079 1221 1130 expeditis,

563 1149 689 1199 Fugit
711 1148 924 1189 inermem,

452 1270 583 1316 Quale
603 1273 845 1320 portentum
868 1281 1000 1319 neque
1022 1268 1221 1308 militaris

453 1338 640 1377 Daunias
658 1338 756 1376 latis
779 1337 856 1376 alit
877 1336 1100 1375 aesculetis

451 1407 541 1445 Nec
562 1407 690 1445 Iubae
711 1406 838 1444 tellus
861 1409 1043 1456 generat,
1068 1405 1235 1444 leonum

563 1474 697 1513 Arida
717 1474 873 1512 nutrix.

369 1597 406 1636 3.
454 1597 567 1635 Pone
589 1607 654 1634 me
676 1595 805 1646 pigris
828 1595 899 1633 ubi
923 1594 1039 1633 nulla
1059 1593 1217 1645 campis

455 1664 590 1703 Arbor
611 1663 774 1702 aestiva
796 1667 1006 1702 recreatur
1027 1675 1140 1709 aura,

453 1733 571 1778 Quod
591 1732 702 1771 latus
724 1732 869 1770 mundi
891 1731 1067 1770 nebulae
1089 1731 1306 1783 malusque

565 1800 758 1851 Iuppiter
778 1804 921 1850 urget3

454 1922 569 1961 Pone
591 1922 667 1961 sub
689 1934 812 1961 curru
829 1921 1005 1959 nimium
1028 1919 1254 1971 propinqui

456 1991 578 2039 Solis,
602 1991 646 2029 in
667 1995 779 2030 terra
799 1991 990 2030 domibus
1012 1994 1181 2040 negata:

454 2060 587 2098 Dulce
608 2059 815 2098 ridentem
838 2059 1022 2109 Lalagen
1044 2057 1202 2106 amabo,

565 2127 696 2166 Dulce
717 2127 971 2177 loquentem.

814 2197 824 2227 (
836 2196 870 2222 38
882 2199 893 2226 )
