1747 2620
710 93 876 125 cARmu
899 91 941 119 11.
959 97 996 117 x.

378 176 414 216 1.
463 173 632 213 Rectius
655 169 783 215 vives,
808 164 958 211 Licini,
981 173 1114 212 neque
1135 159 1265 198 altum

461 237 632 285 Semper
652 229 837 280 urgendo
858 237 1005 276 neque,
1028 223 1127 261 dum
1149 217 1351 271 procellas

462 299 619 338 Cautus
641 289 860 335 horrescis,
882 286 1058 325 nimium
1083 280 1309 334 premendo

575 356 696 394 Litus
720 352 922 402 iniquum.

465 442 645 479 Auream
668 433 858 486 quisquis
882 427 1211 469 mediocritatem

465 499 630 550 Diligit,
653 502 769 536 tutus
791 498 904 533 caret
924 488 1101 530 obsoleti

468 560 667 602 Sordibus
689 557 803 604 tecti,
826 558 939 594 caret
960 549 1188 591 invidenda

580 621 750 661 Sobrius
772 617 877 657 aula.

388 721 426 762 2.
473 718 647 770 Saepius
670 714 806 753 ventis
829 711 1012 762 agitatur
1034 708 1180 757 ingens

474 781 603 820 Pinus
625 782 668 817 et
690 776 823 816 celsae
845 772 1034 824 graviore
1057 780 1154 808 casu

476 841 686 882 Decidunt
707 843 843 877 turres
866 833 1108 882 feriuntque
1139 837 1320 868 summos

586 901 770 951 Fulgura
789 901 963 936 montes.

479 988 628 1037 Sperat
648 981 831 1027 infestis,
849 977 999 1017 metuit
1021 972 1214 1014 secundis

479 1048 669 1086 Alteram
691 1047 845 1083 sortem
865 1040 970 1078 bene
996 1037 1290 1088 praeparatum

479 1110 643 1148 Pectus.
699 1104 908 1144 Informes
931 1100 1089 1139 hiemes
1111 1094 1273 1135 reducit

592 1167 796 1219 Iuppiter,
819 1164 929 1203 idem

399 1269 437 1309 3.
486 1267 737 1306 Summovet.
789 1260 898 1306 Non,
921 1257 957 1296 si
978 1255 1086 1295 male
1107 1265 1229 1299 nunc,
1251 1254 1294 1289 et
1313 1248 1414 1288 olim

485 1328 552 1367 Sic
573 1325 653 1365 erit
673 1340 680 1362 ε
712 1321 922 1374 quondam
942 1318 1105 1358 cithara
1123 1317 1331 1354 tacentem

487 1387 674 1428 Suscitat
694 1386 860 1424 Musam
881 1392 1016 1432 neque
1037 1388 1200 1428 semper
1221 1385 1362 1414 arcum

599 1447 751 1488 Tendit
773 1444 936 1496 Apollo.

490 1532 629 1571 Rebus
651 1527 841 1579 angustis
864 1525 1076 1564 animosus
1097 1525 1222 1571 atque

489 1592 629 1632 Fortis
651 1601 805 1641 appare
826 1603 834 1636 3
866 1585 1078 1638 sapienter
1099 1583 1210 1621 idem

492 1653 724 1696 Contrahes
746 1654 871 1689 vento
892 1646 1067 1686 nimium
1090 1641 1269 1684 secundo

602 1713 787 1764 Turgida
807 1710 911 1750 vela.

693 1838 862 1870 cumn!
884 1837 911 1866 1.
930 1834 1086 1864 mvi-ii.

497 1915 688 1956 Persicos
710 1912 792 1960 odi,
815 1921 930 1962 puer,
952 1910 1191 1959 apparatus,

498 1977 736 2029 Displicent
757 1985 888 2012 nexae
910 1970 1080 2023 philyra
1100 1976 1296 2013 coronae3

499 2040 624 2078 Mitte
647 2035 811 2083 sectari,
836 2046 929 2073 rosa
950 2044 1031 2083 quo
1051 2031 1237 2070 locorum

612 2100 713 2139 Sera
735 2100 929 2136 moretur.

504 2181 696 2233 Simplici
717 2183 856 2230 myrto
877 2176 985 2215 nihil
1007 2174 1211 2214 allabores

505 2243 683 2284 Sedulus
705 2254 803 2281 curo
824 2255 831 2278 ε
864 2250 998 2289 neque
1018 2241 1060 2275 te
1083 2233 1323 2274 ministrum

505 2306 690 2344 Dedecet
710 2306 887 2354 myrtus,
910 2311 1044 2350 neque
1066 2309 1130 2335 me
1151 2294 1228 2334 sub
1247 2296 1341 2332 arta

615 2365 712 2405 Vite
742 2364 965 2403 bibentem.

866 2437 875 2461 <
887 2432 920 2457 39
933 2432 943 2462 )
