1747 2620
300 201 333 238 1.

296 323 331 361 2.

295 447 331 484 3.

293 571 330 607 4.

267 1311 329 1349 10.

268 1435 330 1472 11.

267 1557 330 1595 12.

268 1681 332 1719 13.

267 1804 330 1841 14.

267 1927 330 1965 15.

268 2050 330 2088 16.

267 2172 330 2211 17.

268 2295 331 2334 18.

699 102 866 131 emunt!
890 102 915 130 1.
935 103 958 130 1.

383 200 601 238 Maecenas
624 199 758 237 atavis
781 198 891 235 edite
917 198 1094 247 regibus,

379 261 413 300 O
434 265 476 299 et
498 260 753 312 praesidium
775 264 817 297 et
839 259 958 297 dulce
984 259 1107 296 decus
1138 271 1285 306 meum,

381 323 487 360 Sunt
509 334 611 372 quos
634 320 840 360 curriculo
864 320 1076 370 pulverem
1101 320 1368 371 Olympicum

378 383 607 433 Collegisse
631 383 759 429 iuvat,
783 386 975 432 metaque
999 381 1176 420 fervidis

379 445 550 484 Evitata
573 444 675 483 rotis
699 444 920 494 palmaque
944 443 1098 482 nobilis

378 508 599 546 Terrarum
621 506 810 545 dominos
834 505 975 544 evehit
996 505 1048 543 ad
1070 505 1193 554 deos;

378 569 515 616 Hunc,
538 568 574 607 si
597 568 813 606 mobilium
836 567 959 606 turba
979 567 1205 613 Quiritium

377 632 521 670 Certat
541 630 785 680 tergeminis
808 629 956 667 tollere
979 628 1227 678 honoribus;

379 693 518 740 Illum,
541 693 575 729 si
599 692 766 742 proprio
787 690 975 730 condidit
997 691 1142 729 horreo

376 754 590 804 Quidquid
610 754 660 792 de
685 753 853 804 Libyeis
876 752 1057 791 verritur
1079 753 1198 791 areis.

379 817 640 855 Gaudentem
663 815 820 866 patrios
845 814 1002 853 findere
1023 814 1187 853 sarculo

378 879 512 928 Agros
536 877 733 916 Attalicis
755 876 1066 915 conditionibus

379 940 604 990 Nunquam
628 939 853 986 dimoveas,
873 943 920 976 ut
940 938 1059 976 trabe
1081 938 1239 989 Cypria

377 1002 593 1052 Myrtoum
615 1001 792 1052 pavidus
816 1004 946 1038 nauta
967 1003 1079 1038 secet
1100 1012 1225 1038 mare.

378 1064 626 1101 Luctantem
649 1062 796 1101 Icariis
819 1061 1014 1100 fluctibus
1037 1061 1229 1100 Africum

379 1126 587 1162 Mercator
608 1129 811 1171 metuens,
835 1124 967 1162 otium
989 1129 1031 1162 et
1052 1123 1197 1173 oppidi

378 1187 541 1224 Laudat
563 1199 659 1224 rura
680 1186 744 1224 sui
766 1201 775 1234 3
808 1198 902 1223 mox
924 1184 1059 1224 reficit
1081 1189 1192 1223 rates

341 1288 345 1293 .
376 1249 568 1296 Quassas,
593 1247 787 1286 indocilis
810 1247 1049 1298 pauperiem
1072 1247 1173 1297 pati.

378 1311 456 1349 Est
476 1310 548 1361 qui
571 1323 645 1349 nec
667 1309 821 1348 veteris
844 1309 994 1360 pocula
1015 1309 1188 1348 Massici

377 1373 466 1411 Nec
488 1377 648 1423 partem
671 1371 804 1410 solido
826 1372 991 1410 demere
1014 1371 1064 1410 de
1087 1371 1154 1409 die

380 1434 561 1484 Spernit,
585 1446 693 1471 nunc
715 1433 840 1471 viridi
864 1433 1048 1471 membra
1068 1432 1144 1471 sub
1165 1433 1314 1472 arbuto

379 1496 556 1543 Stratus,
580 1507 688 1533 nunc
709 1495 762 1533 ad
783 1507 915 1545 aquae
936 1494 1029 1533 lene
1051 1499 1176 1545 caput
1197 1506 1348 1534 sacrae.

377 1557 536 1595 Multos
557 1561 695 1596 eastra
716 1557 864 1595 iuvant
885 1560 927 1595 et
947 1556 1054 1594 lituo
1076 1556 1200 1595 tubae

378 1619 616 1657 Per-mixtus
641 1618 803 1657 sonitus
827 1618 1018 1668 bellaque
1042 1618 1244 1657 matribus

379 1681 610 1719 Detestata.
664 1681 810 1719 Manet
833 1680 910 1718 sub
932 1680 1030 1718 Iove
1054 1680 1210 1729 frigido

377 1742 562 1781 Venator
583 1746 752 1780 tenerae
775 1741 964 1791 coniugis
987 1742 1214 1789 immemor,

378 1804 459 1842 Seu
482 1803 571 1842 visa
591 1807 654 1842 est
676 1803 826 1842 catulis
849 1815 972 1841 cerva
993 1802 1201 1849 fidelibus,

379 1865 459 1903 Seu
480 1865 596 1915 rupit
616 1869 770 1903 teretes
793 1865 958 1903 Marsus
981 1876 1080 1914 aper
1100 1864 1255 1915 plagas.

379 1927 448 1964 Me
470 1915 686 1965 doctarum
709 1927 887 1965 hederae
910 1925 1095 1976 praemia
1116 1925 1320 1964 frontium

376 1987 453 2026 Dis
475 1988 653 2027 miscent
674 1988 851 2039 superis,
875 2000 939 2025 me
961 1987 1143 2037 gelidum
1167 1999 1312 2025 nemus

376 2050 754 2100 Nympharumque
776 2050 888 2088 leves
912 2061 1005 2087 cum
1028 2049 1191 2099 Satyris
1213 2048 1328 2088 chori

379 2111 608 2150 Secernunt
630 2111 796 2162 populo,
819 2111 854 2149 si
876 2122 1009 2161 neque
1029 2110 1156 2149 tibias

378 2172 562 2223 Euterpe
583 2173 750 2212 cohibet
770 2185 844 2211 nec
866 2172 1148 2223 Polyhymnia

379 2234 584 2272 Lesboum
608 2234 765 2284 refugit
786 2234 956 2273 tendere
978 2233 1183 2272 barbiton.

378 2295 533 2341 Quodsi
556 2308 620 2334 me
642 2295 787 2346 lyricis
809 2295 976 2334 vatibus
999 2294 1163 2342 inseris,

381 2358 557 2397 Sublimi
581 2359 729 2398 feriam
752 2359 889 2398 sidera
910 2358 1078 2396 vertice.

795 2438 871 2468 (⁴23)
