1747 2620
185 1491 248 1529 10.

184 1645 247 1684 11.

185 1799 247 1838 12.

185 1954 248 1992 13.

184 2108 248 2146 14.

295 256 435 294 Mutat
456 259 568 293 terra
587 254 697 293 vices
719 260 762 292 et
782 255 1065 293 decrescentia
1086 255 1197 305 ripas

404 331 598 369 Flumina
620 335 905 381 praetereunt3

295 408 443 448 Gratia
463 421 555 446 cum
578 408 788 458 Nymphis
813 408 1072 458 geminisque
1095 409 1305 447 sororibus
1328 410 1452 448 audet

402 486 562 524 Ducere
586 485 696 522 nuda
717 485 874 523 choros.

293 562 554 601 Immortalia
575 575 625 600 ne
648 574 802 612 speres,
828 567 968 601 monet
988 575 1120 601 annus
1144 568 1185 601 et
1206 563 1359 601 almum

401 640 514 685 Quae
536 639 646 690 rapit
668 640 768 678 hora
789 639 911 678 diem.

293 718 468 767 Frigora
489 717 713 756 mitescunt
737 717 952 768 Zephyris,
976 730 1048 756 ver
1070 718 1246 768 proterit
1267 722 1403 757 aestas

404 795 645 842 Interitura,
670 795 793 833 simul

294 872 480 910 Pomifer
501 876 747 910 auctumnus
770 872 911 922 fruges
934 872 1142 919 effuderit,
1165 876 1207 911 et
1228 885 1322 911 mox

403 950 558 988 Bruma
579 949 753 988 recurrit
775 950 896 987 iners.

295 1027 459 1065 Damna
479 1032 617 1065 tamen
639 1027 793 1065 celeres
816 1032 1012 1078 reparant
1033 1027 1232 1066 caelestia
1251 1027 1395 1076 lunae3

403 1104 503 1151 Nos,
526 1104 596 1142 ubi
618 1104 862 1152 decidimus,

294 1181 382 1227 Quo
404 1185 522 1231 pater
544 1181 719 1229 Aeneas,
744 1194 825 1232 quo
847 1181 963 1220 dives
986 1181 1134 1220 Tullus
1157 1186 1198 1220 et
1216 1182 1368 1230 Ancus,

403 1258 548 1297 Pulvis
570 1263 614 1297 et
633 1259 779 1297 umbra
799 1271 952 1297 sumus.

293 1336 396 1382 Quis
417 1336 498 1374 scit
518 1348 571 1374 an
593 1336 795 1374 adiiciant
815 1336 1041 1375 hodiernae
1062 1337 1246 1376 crastina
1266 1349 1451 1376 summae

404 1414 608 1464 Tempora
628 1413 671 1452 di
693 1414 832 1464 superi
849 1415 869 1452 ’.Ρ

296 1490 457 1530 Cuncta
477 1503 624 1529 manus
645 1491 789 1530 avidas
812 1491 976 1541 fugient
997 1491 1176 1539 heredis,
1198 1491 1329 1530 amico

402 1568 514 1614 Quae
536 1568 700 1607 dederis
721 1569 871 1607 animo.

293 1645 397 1685 Cum
418 1645 546 1684 semel
569 1645 769 1684 occideris
791 1650 832 1684 et
853 1646 903 1684 de
925 1650 965 1684 te
987 1645 1210 1697 splendida
1230 1645 1370 1684 Minos

403 1722 566 1761 Fecerit
586 1722 771 1771 arbitria,

294 1800 402 1847 Non,
427 1800 648 1850 Torquate,
672 1813 814 1850 genus,
837 1813 919 1839 non
940 1804 981 1839 te
1004 1801 1213 1849 facundia,
1236 1813 1318 1839 non
1338 1805 1379 1839 te

404 1877 618 1915 Restituet
639 1877 772 1928 pietas
793 1893 799 1914 :

295 1954 481 1992 Infernis
503 1967 638 2005 neque
660 1955 770 1993 enim
791 1955 977 1994 tenebris
999 1955 1137 1994 Diana
1157 1956 1352 2006 pudicum

405 2031 575 2070 Liberat
596 2032 892 2084 Hippolytum,

294 2108 382 2146 Nec
403 2109 589 2148 Lethaea
608 2109 722 2148 valet
742 2110 927 2149 Theseus
949 2110 1193 2161 abrumpere
1213 2122 1307 2149 caro

404 2185 586 2225 Vincula
605 2186 808 2225 Pirithoo.

817 2267 827 2296 (
842 2265 896 2295 15)
