<?xml version="1.0" encoding="UTF-8"?>
<!DOCTYPE html PUBLIC "-//W3C//DTD XHTML 1.0 Transitional//EN"
    "http://www.w3.org/TR/xhtml1/DTD/xhtml1-transitional.dtd">
<html xmlns="http://www.w3.org/1999/xhtml" xml:lang="en" lang="en">
 <head>
  <title>
</title>
<meta http-equiv="Content-Type" content="text/html;charset=utf-8" />
  <meta name='ocr-system' content='tesseract 3.04.00' />
  <meta name='ocr-capabilities' content='ocr_page ocr_carea ocr_par ocr_line ocrx_word'/>
</head>
<body>
  <div class='ocr_page' id='page_1' title='image "./rivitiburtinimet00lorduoft_0019.png"; bbox 0 0 1747 2620; ppageno 0'>
   <div class='ocr_carea' id='block_1_1' title="bbox 165 1351 229 1390">
    <p class='ocr_par' dir='ltr' id='par_1_1' title="bbox 165 1351 229 1390">
     <span class='ocr_line' id='line_1_1' title="bbox 165 1351 229 1390; baseline -0.016 0"><span class='ocrx_word' id='word_1_1' title='bbox 165 1351 229 1390; x_wconf 89' lang='lat'>10.</span> 
     </span>
    </p>
   </div>
   <div class='ocr_carea' id='block_1_2' title="bbox 166 1506 230 1545">
    <p class='ocr_par' dir='ltr' id='par_1_2' title="bbox 166 1506 230 1545">
     <span class='ocr_line' id='line_1_2' title="bbox 166 1506 230 1545; baseline 0.016 -1"><span class='ocrx_word' id='word_1_2' title='bbox 166 1506 230 1545; x_wconf 88' lang='lat'>11.</span> 
     </span>
    </p>
   </div>
   <div class='ocr_carea' id='block_1_3' title="bbox 165 1660 230 1699">
    <p class='ocr_par' dir='ltr' id='par_1_3' title="bbox 165 1660 230 1699">
     <span class='ocr_line' id='line_1_3' title="bbox 165 1660 230 1699; baseline -0.015 0"><span class='ocrx_word' id='word_1_3' title='bbox 165 1660 230 1699; x_wconf 90' lang='lat'>12.</span> 
     </span>
    </p>
   </div>
   <div class='ocr_carea' id='block_1_4' title="bbox 167 1816 229 1854">
    <p class='ocr_par' dir='ltr' id='par_1_4' title="bbox 167 1816 229 1854">
     <span class='ocr_line' id='line_1_4' title="bbox 167 1816 229 1854; baseline 0 -1"><span class='ocrx_word' id='word_1_4' title='bbox 167 1816 229 1854; x_wconf 91' lang='grc'>13.</span> 
     </span>
    </p>
   </div>
   <div class='ocr_carea' id='block_1_5' title="bbox 166 1969 230 2008">
    <p class='ocr_par' dir='ltr' id='par_1_5' title="bbox 166 1969 230 2008">
     <span class='ocr_line' id='line_1_5' title="bbox 166 1969 230 2008; baseline 0 0"><span class='ocrx_word' id='word_1_5' title='bbox 166 1969 230 2008; x_wconf 89' lang='grc'>14.</span> 
     </span>
    </p>
   </div>
   <div class='ocr_carea' id='block_1_6' title="bbox 167 2124 229 2162">
    <p class='ocr_par' dir='ltr' id='par_1_6' title="bbox 167 2124 229 2162">
     <span class='ocr_line' id='line_1_6' title="bbox 167 2124 229 2162; baseline 0 -1"><span class='ocrx_word' id='word_1_6' title='bbox 167 2124 229 2162; x_wconf 92' lang='grc'>15.</span> 
     </span>
    </p>
   </div>
   <div class='ocr_carea' id='block_1_7' title="bbox 168 2279 230 2317">
    <p class='ocr_par' dir='ltr' id='par_1_7' title="bbox 168 2279 230 2317">
     <span class='ocr_line' id='line_1_7' title="bbox 168 2279 230 2317; baseline 0.016 -1"><span class='ocrx_word' id='word_1_7' title='bbox 168 2279 230 2317; x_wconf 91' lang='grc'>16.</span> 
     </span>
    </p>
   </div>
   <div class='ocr_carea' id='block_1_8' title="bbox 273 115 1508 706">
    <p class='ocr_par' dir='ltr' id='par_1_8' title="bbox 273 115 1432 244">
     <span class='ocr_line' id='line_1_8' title="bbox 273 115 1432 166; baseline -0.003 -10"><span class='ocrx_word' id='word_1_8' title='bbox 273 118 454 165; x_wconf 88' lang='lat' dir='ltr'>Moenia,</span> <span class='ocrx_word' id='word_1_9' title='bbox 480 118 543 156; x_wconf 85' lang='lat' dir='ltr'>vel</span> <span class='ocrx_word' id='word_1_10' title='bbox 566 117 728 155; x_wconf 88' lang='lat' dir='ltr'>Baccho</span> <span class='ocrx_word' id='word_1_11' title='bbox 750 117 914 154; x_wconf 80' lang='lat' dir='ltr'>Thebas</span> <span class='ocrx_word' id='word_1_12' title='bbox 937 115 1002 153; x_wconf 87' lang='lat' dir='ltr'>vel</span> <span class='ocrx_word' id='word_1_13' title='bbox 1028 116 1224 166; x_wconf 83' lang='lat' dir='ltr'>Apolline</span> <span class='ocrx_word' id='word_1_14' title='bbox 1247 115 1432 166; x_wconf 85' lang='lat' dir='ltr'>Delphos</span> 
     </span>
     <span class='ocr_line' id='line_1_9' title="bbox 387 193 1099 244; baseline -0.003 -12"><span class='ocrx_word' id='word_1_15' title='bbox 387 194 593 244; x_wconf 87' lang='lat' dir='ltr'>Insignes,</span> <span class='ocrx_word' id='word_1_16' title='bbox 616 199 690 232; x_wconf 88' lang='lat' dir='ltr'>aut</span> <span class='ocrx_word' id='word_1_17' title='bbox 710 193 913 231; x_wconf 88' lang='lat' dir='ltr'>Thessala</span> <span class='ocrx_word' id='word_1_18' title='bbox 935 194 1099 242; x_wconf 84' lang='lat' dir='ltr'><strong>Tempe.</strong></span> 
     </span>
    </p>

    <p class='ocr_par' dir='ltr' id='par_1_9' title="bbox 274 270 1508 399">
     <span class='ocr_line' id='line_1_10' title="bbox 274 270 1508 322; baseline -0.003 -11"><span class='ocrx_word' id='word_1_19' title='bbox 274 272 381 312; x_wconf 90' lang='lat' dir='ltr'>Sunt</span> <span class='ocrx_word' id='word_1_20' title='bbox 401 271 552 322; x_wconf 87' lang='lat' dir='ltr'>quibus</span> <span class='ocrx_word' id='word_1_21' title='bbox 573 283 703 309; x_wconf 90' lang='lat' dir='ltr'>unum</span> <span class='ocrx_word' id='word_1_22' title='bbox 724 283 827 321; x_wconf 88' lang='lat' dir='ltr'>opus</span> <span class='ocrx_word' id='word_1_23' title='bbox 850 274 926 317; x_wconf 90' lang='lat' dir='ltr'>est,</span> <span class='ocrx_word' id='word_1_24' title='bbox 950 270 1132 308; x_wconf 76' lang='lat' dir='ltr'>intactae</span> <span class='ocrx_word' id='word_1_25' title='bbox 1155 270 1343 308; x_wconf 89' lang='lat' dir='ltr'>Palladis</span> <span class='ocrx_word' id='word_1_26' title='bbox 1365 270 1508 308; x_wconf 89' lang='lat' dir='ltr'>urbem</span> 
     </span>
     <span class='ocr_line' id='line_1_11' title="bbox 383 347 1107 399; baseline -0.004 -12"><span class='ocrx_word' id='word_1_27' title='bbox 383 348 576 388; x_wconf 84' lang='lat' dir='ltr'>Carmine</span> <span class='ocrx_word' id='word_1_28' title='bbox 598 352 800 399; x_wconf 88' lang='lat' dir='ltr'>perpetuo</span> <span class='ocrx_word' id='word_1_29' title='bbox 821 347 1042 394; x_wconf 88' lang='lat' dir='ltr'>celebrare,</span> <span class='ocrx_word' id='word_1_30' title='bbox 1065 351 1107 385; x_wconf 88' lang='lat' dir='ltr'>et</span> 
     </span>
    </p>

    <p class='ocr_par' dir='ltr' id='par_1_10' title="bbox 276 424 1354 540">
     <span class='ocr_line' id='line_1_12' title="bbox 276 424 1354 476; baseline -0.004 -11"><span class='ocrx_word' id='word_1_31' title='bbox 276 426 474 476; x_wconf 87' lang='lat' dir='ltr'>Undique</span> <span class='ocrx_word' id='word_1_32' title='bbox 496 425 735 475; x_wconf 81' lang='lat' dir='ltr'>decerptam</span> <span class='ocrx_word' id='word_1_33' title='bbox 759 424 890 462; x_wconf 84' lang='lat' dir='ltr'>fronti</span> <span class='ocrx_word' id='word_1_34' title='bbox 913 436 1167 475; x_wconf 86' lang='lat' dir='ltr'>praeponere</span> <span class='ocrx_word' id='word_1_35' title='bbox 1188 424 1354 463; x_wconf 86' lang='lat' dir='ltr'>olivam.</span> 
     </span>
     <span class='ocr_line' id='line_1_13' title="bbox 383 501 1081 540; baseline -0.003 0"><span class='ocrx_word' id='word_1_36' title='bbox 383 502 596 540; x_wconf 88' lang='lat' dir='ltr'>Plurimus</span> <span class='ocrx_word' id='word_1_37' title='bbox 619 502 661 539; x_wconf 91' lang='lat' dir='ltr'>in</span> <span class='ocrx_word' id='word_1_38' title='bbox 685 501 859 540; x_wconf 88' lang='lat' dir='ltr'>Iunonis</span> <span class='ocrx_word' id='word_1_39' title='bbox 882 501 1081 539; x_wconf 89' lang='lat' dir='ltr'>honorem</span> 
     </span>
    </p>

    <p class='ocr_par' dir='ltr' id='par_1_11' title="bbox 274 578 1309 706">
     <span class='ocr_line' id='line_1_14' title="bbox 274 578 1309 630; baseline -0.002 -12"><span class='ocrx_word' id='word_1_40' title='bbox 274 580 432 630; x_wconf 88' lang='lat' dir='ltr'>Aptum</span> <span class='ocrx_word' id='word_1_41' title='bbox 453 579 564 618; x_wconf 91' lang='lat' dir='ltr'>dicet</span> <span class='ocrx_word' id='word_1_42' title='bbox 585 579 703 629; x_wconf 89' lang='lat' dir='ltr'>equis</span> <span class='ocrx_word' id='word_1_43' title='bbox 727 579 860 628; x_wconf 86' lang='lat' dir='ltr'>Argos</span> <span class='ocrx_word' id='word_1_44' title='bbox 883 578 1074 629; x_wconf 85' lang='lat' dir='ltr'>ditesque</span> <span class='ocrx_word' id='word_1_45' title='bbox 1097 579 1309 629; x_wconf 82' lang='lat' dir='ltr'>Mycenas.</span> 
     </span>
     <span class='ocr_line' id='line_1_15' title="bbox 383 656 1152 706; baseline 0 -12"><span class='ocrx_word' id='word_1_46' title='bbox 383 658 452 695; x_wconf 91' lang='lat' dir='ltr'>Me</span> <span class='ocrx_word' id='word_1_47' title='bbox 474 669 549 695; x_wconf 88' lang='lat' dir='ltr'>nec</span> <span class='ocrx_word' id='word_1_48' title='bbox 570 661 656 695; x_wconf 91' lang='lat' dir='ltr'>tam</span> <span class='ocrx_word' id='word_1_49' title='bbox 679 656 844 706; x_wconf 89' lang='lat' dir='ltr'>patiens</span> <span class='ocrx_word' id='word_1_50' title='bbox 868 656 1152 694; x_wconf 88' lang='lat' dir='ltr'>Lacedaemon</span> 
     </span>
    </p>
   </div>
   <div class='ocr_carea' id='block_1_9' title="bbox 220 733 1290 784">
    <p class='ocr_par' dir='ltr' id='par_1_12' title="bbox 220 733 1290 784">
     <span class='ocr_line' id='line_1_16' title="bbox 220 733 1290 784; baseline -0.001 -11"><span class='ocrx_word' id='word_1_51' title='bbox 220 766 226 772; x_wconf 93' lang='lat'><strong>.</strong></span> <span class='ocrx_word' id='word_1_52' title='bbox 276 735 363 773; x_wconf 80' lang='lat' dir='ltr'>Nec</span> <span class='ocrx_word' id='word_1_53' title='bbox 383 739 470 772; x_wconf 87' lang='lat' dir='ltr'>tam</span> <span class='ocrx_word' id='word_1_54' title='bbox 493 734 685 772; x_wconf 86' lang='lat' dir='ltr'>Larissae</span> <span class='ocrx_word' id='word_1_55' title='bbox 707 733 915 784; x_wconf 81' lang='lat' dir='ltr'>percussit</span> <span class='ocrx_word' id='word_1_56' title='bbox 935 745 1105 784; x_wconf 90' lang='lat' dir='ltr'>campus</span> <span class='ocrx_word' id='word_1_57' title='bbox 1127 733 1290 784; x_wconf 86' lang='lat' dir='ltr'>opimae</span> 
     </span>
    </p>
   </div>
   <div class='ocr_carea' id='block_1_10' title="bbox 384 810 1179 857">
    <p class='ocr_par' dir='ltr' id='par_1_13' title="bbox 384 810 1179 857">
     <span class='ocr_line' id='line_1_17' title="bbox 384 810 1179 857; baseline 0 -8"><span class='ocrx_word' id='word_1_58' title='bbox 384 812 517 857; x_wconf 87' lang='lat' dir='ltr'>Quam</span> <span class='ocrx_word' id='word_1_59' title='bbox 538 811 683 849; x_wconf 89' lang='lat' dir='ltr'>domus</span> <span class='ocrx_word' id='word_1_60' title='bbox 707 810 922 849; x_wconf 88' lang='lat' dir='ltr'>Albuneae</span> <span class='ocrx_word' id='word_1_61' title='bbox 945 810 1179 849; x_wconf 89' lang='lat' dir='ltr'>resonantis</span> 
     </span>
    </p>
   </div>
   <div class='ocr_carea' id='block_1_11' title="bbox 221 888 1256 939">
    <p class='ocr_par' dir='ltr' id='par_1_14' title="bbox 221 888 1256 939">
     <span class='ocr_line' id='line_1_18' title="bbox 221 888 1256 939; baseline 0.001 -13"><span class='ocrx_word' id='word_1_62' title='bbox 221 920 228 927; x_wconf 94' lang='lat'><strong>.</strong></span> <span class='ocrx_word' id='word_1_63' title='bbox 276 889 330 926; x_wconf 89' lang='lat' dir='ltr'>Et</span> <span class='ocrx_word' id='word_1_64' title='bbox 351 900 550 939; x_wconf 88' lang='lat' dir='ltr'>praeceps</span> <span class='ocrx_word' id='word_1_65' title='bbox 574 888 682 926; x_wconf 84' lang='lat' dir='ltr'>Anio</span> <span class='ocrx_word' id='word_1_66' title='bbox 704 900 751 926; x_wconf 89' lang='lat' dir='ltr'>ac</span> <span class='ocrx_word' id='word_1_67' title='bbox 773 888 948 926; x_wconf 88' lang='lat' dir='ltr'>Tiburni</span> <span class='ocrx_word' id='word_1_68' title='bbox 971 888 1088 926; x_wconf 91' lang='lat' dir='ltr'>lucus</span> <span class='ocrx_word' id='word_1_69' title='bbox 1110 892 1152 926; x_wconf 94' lang='lat' dir='ltr'>et</span> <span class='ocrx_word' id='word_1_70' title='bbox 1171 888 1256 927; x_wconf 88' lang='lat' dir='ltr'>uda</span> 
     </span>
    </p>
   </div>
   <div class='ocr_carea' id='block_1_12' title="bbox 275 965 1481 2330">
    <p class='ocr_par' dir='ltr' id='par_1_15' title="bbox 385 965 956 1016">
     <span class='ocr_line' id='line_1_19' title="bbox 385 965 956 1016; baseline -0.002 -13"><span class='ocrx_word' id='word_1_71' title='bbox 385 965 612 1004; x_wconf 86' lang='lat' dir='ltr'>Mobilibus</span> <span class='ocrx_word' id='word_1_72' title='bbox 635 965 822 1016; x_wconf 90' lang='lat' dir='ltr'>pomaria</span> <span class='ocrx_word' id='word_1_73' title='bbox 843 965 956 1003; x_wconf 88' lang='lat' dir='ltr'>rivis.</span> 
     </span>
    </p>

    <p class='ocr_par' dir='ltr' id='par_1_16' title="bbox 275 1043 1226 1170">
     <span class='ocr_line' id='line_1_20' title="bbox 275 1043 1181 1092; baseline -0.001 -11"><span class='ocrx_word' id='word_1_74' title='bbox 275 1043 408 1082; x_wconf 91' lang='lat' dir='ltr'>Albus</span> <span class='ocrx_word' id='word_1_75' title='bbox 430 1048 477 1081; x_wconf 88' lang='lat' dir='ltr'>ut</span> <span class='ocrx_word' id='word_1_76' title='bbox 498 1043 672 1082; x_wconf 89' lang='lat' dir='ltr'>obscuro</span> <span class='ocrx_word' id='word_1_77' title='bbox 693 1043 881 1092; x_wconf 79' lang='lat' dir='ltr'>deterget</span> <span class='ocrx_word' id='word_1_78' title='bbox 901 1043 1047 1081; x_wconf 90' lang='lat' dir='ltr'>nubila</span> <span class='ocrx_word' id='word_1_79' title='bbox 1067 1043 1181 1082; x_wconf 92' lang='lat' dir='ltr'>coelo</span> 
     </span>
     <span class='ocr_line' id='line_1_21' title="bbox 386 1120 1226 1170; baseline 0 -12"><span class='ocrx_word' id='word_1_80' title='bbox 386 1120 517 1170; x_wconf 86' lang='lat' dir='ltr'>Saepe</span> <span class='ocrx_word' id='word_1_81' title='bbox 538 1120 688 1167; x_wconf 85' lang='lat' dir='ltr'>Notus,</span> <span class='ocrx_word' id='word_1_82' title='bbox 712 1132 846 1170; x_wconf 90' lang='lat' dir='ltr'>neque</span> <span class='ocrx_word' id='word_1_83' title='bbox 868 1120 1051 1170; x_wconf 87' lang='lat' dir='ltr'>parturit</span> <span class='ocrx_word' id='word_1_84' title='bbox 1073 1120 1226 1158; x_wconf 88' lang='lat' dir='ltr'>imbres</span> 
     </span>
    </p>

    <p class='ocr_par' dir='ltr' id='par_1_17' title="bbox 275 1196 1245 1325">
     <span class='ocr_line' id='line_1_22' title="bbox 275 1196 1245 1248; baseline 0 -13"><span class='ocrx_word' id='word_1_85' title='bbox 275 1197 525 1248; x_wconf 85' lang='lat' dir='ltr'>Perpetuos;</span> <span class='ocrx_word' id='word_1_86' title='bbox 557 1197 616 1235; x_wconf 88' lang='lat' dir='ltr'>sic</span> <span class='ocrx_word' id='word_1_87' title='bbox 638 1201 685 1235; x_wconf 73' lang='lat' dir='ltr'>tu</span> <span class='ocrx_word' id='word_1_88' title='bbox 705 1197 873 1247; x_wconf 89' lang='lat' dir='ltr'>sapiens</span> <span class='ocrx_word' id='word_1_89' title='bbox 894 1196 1014 1235; x_wconf 92' lang='lat' dir='ltr'>finire</span> <span class='ocrx_word' id='word_1_90' title='bbox 1037 1202 1245 1236; x_wconf 89' lang='lat' dir='ltr'>memento</span> 
     </span>
     <span class='ocr_line' id='line_1_23' title="bbox 384 1274 1023 1325; baseline 0.003 -14"><span class='ocrx_word' id='word_1_91' title='bbox 384 1274 622 1312; x_wconf 88' lang='lat' dir='ltr'>Tristitiam</span> <span class='ocrx_word' id='word_1_92' title='bbox 644 1274 839 1325; x_wconf 86' lang='lat' dir='ltr'>vitaeque</span> <span class='ocrx_word' id='word_1_93' title='bbox 860 1274 1023 1313; x_wconf 88' lang='lat' dir='ltr'>labores</span> 
     </span>
    </p>

    <p class='ocr_par' dir='ltr' id='par_1_18' title="bbox 277 1347 1368 1468">
     <span class='ocr_line' id='line_1_24' title="bbox 277 1347 1368 1402; baseline 0.001 -13"><span class='ocrx_word' id='word_1_94' title='bbox 277 1351 412 1399; x_wconf 87' lang='lat' dir='ltr'>Molli,</span> <span class='ocrx_word' id='word_1_95' title='bbox 435 1351 602 1400; x_wconf 85' lang='lat' dir='ltr'>Plance,</span> <span class='ocrx_word' id='word_1_96' title='bbox 624 1364 751 1399; x_wconf 88' lang='lat' dir='ltr'>mero,</span> <span class='ocrx_word' id='word_1_97' title='bbox 773 1363 845 1390; x_wconf 91' lang='lat' dir='ltr'>seu</span> <span class='ocrx_word' id='word_1_98' title='bbox 867 1356 909 1390; x_wconf 87' lang='lat' dir='ltr'>te</span> <span class='ocrx_word' id='word_1_99' title='bbox 931 1351 1142 1402; x_wconf 86' lang='lat' dir='ltr'>fulgentia</span> <span class='ocrx_word' id='word_1_100' title='bbox 1163 1351 1295 1402; x_wconf 89' lang='lat' dir='ltr'>signis</span> <span class='ocrx_word' id='word_1_101' title='bbox 1363 1347 1368 1354; x_wconf 82' lang='lat'><em>&#39;</em></span> 
     </span>
     <span class='ocr_line' id='line_1_25' title="bbox 385 1428 1127 1468; baseline 0 0"><span class='ocrx_word' id='word_1_102' title='bbox 385 1428 534 1468; x_wconf 87' lang='lat' dir='ltr'>Castra</span> <span class='ocrx_word' id='word_1_103' title='bbox 554 1433 700 1466; x_wconf 82' lang='lat' dir='ltr'>tenent</span> <span class='ocrx_word' id='word_1_104' title='bbox 721 1440 795 1467; x_wconf 90' lang='lat' dir='ltr'>seu</span> <span class='ocrx_word' id='word_1_105' title='bbox 815 1429 944 1467; x_wconf 87' lang='lat' dir='ltr'>densa</span> <span class='ocrx_word' id='word_1_106' title='bbox 964 1429 1127 1468; x_wconf 92' lang='lat' dir='ltr'>tenebit</span> 
     </span>
    </p>

    <p class='ocr_par' dir='ltr' id='par_1_19' title="bbox 278 1505 1429 1635">
     <span class='ocr_line' id='line_1_26' title="bbox 278 1505 1429 1558; baseline 0.002 -14"><span class='ocrx_word' id='word_1_107' title='bbox 278 1505 447 1544; x_wconf 91' lang='lat' dir='ltr'>Tiburis</span> <span class='ocrx_word' id='word_1_108' title='bbox 468 1505 617 1544; x_wconf 89' lang='lat' dir='ltr'>umbra</span> <span class='ocrx_word' id='word_1_109' title='bbox 636 1506 709 1544; x_wconf 87' lang='lat' dir='ltr'>tui.</span> <span class='ocrx_word' id='word_1_110' title='bbox 771 1507 929 1545; x_wconf 90' lang='lat' dir='ltr'>Teucer</span> <span class='ocrx_word' id='word_1_111' title='bbox 952 1506 1166 1545; x_wconf 87' lang='lat' dir='ltr'>Salamina</span> <span class='ocrx_word' id='word_1_112' title='bbox 1185 1511 1429 1558; x_wconf 87' lang='lat' dir='ltr'>patremque</span> 
     </span>
     <span class='ocr_line' id='line_1_27' title="bbox 385 1583 1151 1635; baseline 0.001 -14"><span class='ocrx_word' id='word_1_113' title='bbox 385 1583 521 1629; x_wconf 84' lang='lat' dir='ltr'>Quum</span> <span class='ocrx_word' id='word_1_114' title='bbox 542 1583 722 1633; x_wconf 83' lang='lat' dir='ltr'>fugeret,</span> <span class='ocrx_word' id='word_1_115' title='bbox 743 1587 887 1621; x_wconf 89' lang='lat' dir='ltr'>tamen</span> <span class='ocrx_word' id='word_1_116' title='bbox 907 1584 989 1622; x_wconf 91' lang='lat' dir='ltr'>uda</span> <span class='ocrx_word' id='word_1_117' title='bbox 1011 1584 1151 1635; x_wconf 83' lang='lat' dir='ltr'>Lyaeo</span> 
     </span>
    </p>

    <p class='ocr_par' dir='ltr' id='par_1_20' title="bbox 276 1660 1235 1777">
     <span class='ocr_line' id='line_1_28' title="bbox 276 1660 1235 1711; baseline 0 -13"><span class='ocrx_word' id='word_1_118' title='bbox 276 1661 482 1710; x_wconf 87' lang='lat' dir='ltr'>Tempora</span> <span class='ocrx_word' id='word_1_119' title='bbox 502 1660 684 1711; x_wconf 88' lang='lat' dir='ltr'>populea</span> <span class='ocrx_word' id='word_1_120' title='bbox 704 1660 841 1699; x_wconf 89' lang='lat' dir='ltr'>fertur</span> <span class='ocrx_word' id='word_1_121' title='bbox 862 1660 1050 1699; x_wconf 83' lang='lat' dir='ltr'>vinxisse</span> <span class='ocrx_word' id='word_1_122' title='bbox 1073 1673 1235 1709; x_wconf 88' lang='lat' dir='ltr'>corona,</span> 
     </span>
     <span class='ocr_line' id='line_1_29' title="bbox 388 1737 1001 1777; baseline 0 -1"><span class='ocrx_word' id='word_1_123' title='bbox 388 1737 456 1776; x_wconf 89' lang='lat' dir='ltr'>Sic</span> <span class='ocrx_word' id='word_1_124' title='bbox 476 1737 621 1776; x_wconf 85' lang='lat' dir='ltr'>tristes</span> <span class='ocrx_word' id='word_1_125' title='bbox 643 1737 796 1776; x_wconf 88' lang='lat' dir='ltr'>affatus</span> <span class='ocrx_word' id='word_1_126' title='bbox 818 1738 972 1777; x_wconf 89' lang='lat' dir='ltr'>amicos</span> <span class='ocrx_word' id='word_1_127' title='bbox 994 1754 1001 1776; x_wconf 74' lang='grc' dir='ltr'>ε</span> 
     </span>
    </p>

    <p class='ocr_par' dir='ltr' id='par_1_21' title="bbox 279 1815 1382 1943">
     <span class='ocr_line' id='line_1_30' title="bbox 279 1815 1382 1866; baseline 0.003 -14"><span class='ocrx_word' id='word_1_128' title='bbox 279 1815 405 1860; x_wconf 85' lang='lat' dir='ltr'>“Quo</span> <span class='ocrx_word' id='word_1_129' title='bbox 425 1827 500 1853; x_wconf 92' lang='lat' dir='ltr'>nos</span> <span class='ocrx_word' id='word_1_130' title='bbox 522 1827 684 1865; x_wconf 88' lang='lat' dir='ltr'>cunque</span> <span class='ocrx_word' id='word_1_131' title='bbox 707 1815 815 1854; x_wconf 84' lang='lat' dir='ltr'>feret</span> <span class='ocrx_word' id='word_1_132' title='bbox 837 1815 984 1854; x_wconf 91' lang='lat' dir='ltr'>melior</span> <span class='ocrx_word' id='word_1_133' title='bbox 1006 1815 1177 1854; x_wconf 88' lang='lat' dir='ltr'>fortuna</span> <span class='ocrx_word' id='word_1_134' title='bbox 1198 1820 1382 1866; x_wconf 90' lang='lat' dir='ltr'>parente,</span> 
     </span>
     <span class='ocr_line' id='line_1_31' title="bbox 388 1892 1069 1943; baseline 0.001 -13"><span class='ocrx_word' id='word_1_135' title='bbox 388 1892 596 1939; x_wconf 86' lang='lat' dir='ltr'>“Ibimus‚</span> <span class='ocrx_word' id='word_1_136' title='bbox 620 1905 643 1930; x_wconf 94' lang='lat' dir='ltr'>o</span> <span class='ocrx_word' id='word_1_137' title='bbox 665 1892 766 1931; x_wconf 90' lang='lat' dir='ltr'>socii</span> <span class='ocrx_word' id='word_1_138' title='bbox 788 1893 1044 1943; x_wconf 89' lang='lat' dir='ltr'>comitesque</span> <span class='ocrx_word' id='word_1_139' title='bbox 1062 1895 1069 1930; x_wconf 88' lang='lat'><strong>!</strong></span> 
     </span>
    </p>

    <p class='ocr_par' dir='ltr' id='par_1_22' title="bbox 280 1969 1481 2098">
     <span class='ocr_line' id='line_1_32' title="bbox 280 1969 1481 2021; baseline 0.001 -14"><span class='ocrx_word' id='word_1_140' title='bbox 280 1969 390 2008; x_wconf 87' lang='lat' dir='ltr'>“Nil</span> <span class='ocrx_word' id='word_1_141' title='bbox 412 1969 718 2020; x_wconf 86' lang='lat' dir='ltr'>desperandum</span> <span class='ocrx_word' id='word_1_142' title='bbox 740 1970 898 2008; x_wconf 91' lang='lat' dir='ltr'>Teucro</span> <span class='ocrx_word' id='word_1_143' title='bbox 919 1970 1022 2009; x_wconf 90' lang='lat' dir='ltr'>duce</span> <span class='ocrx_word' id='word_1_144' title='bbox 1044 1975 1086 2009; x_wconf 88' lang='lat' dir='ltr'>et</span> <span class='ocrx_word' id='word_1_145' title='bbox 1107 1971 1276 2021; x_wconf 87' lang='lat' dir='ltr'>auspice</span> <span class='ocrx_word' id='word_1_146' title='bbox 1298 1972 1481 2009; x_wconf 88' lang='lat' dir='ltr'>Teucro:</span> 
     </span>
     <span class='ocr_line' id='line_1_33' title="bbox 389 2047 1112 2098; baseline 0 -12"><span class='ocrx_word' id='word_1_147' title='bbox 389 2047 573 2086; x_wconf 86' lang='lat' dir='ltr'>“Certus</span> <span class='ocrx_word' id='word_1_148' title='bbox 595 2047 707 2085; x_wconf 90' lang='lat' dir='ltr'>enim</span> <span class='ocrx_word' id='word_1_149' title='bbox 729 2047 924 2097; x_wconf 87' lang='lat' dir='ltr'>promisit</span> <span class='ocrx_word' id='word_1_150' title='bbox 946 2047 1112 2098; x_wconf 85' lang='lat' dir='ltr'>Apollo,</span> 
     </span>
    </p>

    <p class='ocr_par' dir='ltr' id='par_1_23' title="bbox 279 2124 1326 2253">
     <span class='ocr_line' id='line_1_34' title="bbox 279 2124 1326 2174; baseline 0.002 -12"><span class='ocrx_word' id='word_1_151' title='bbox 279 2124 566 2174; x_wconf 85' lang='lat' dir='ltr'>“Ambiguam</span> <span class='ocrx_word' id='word_1_152' title='bbox 586 2124 740 2163; x_wconf 86' lang='lat' dir='ltr'>tellure</span> <span class='ocrx_word' id='word_1_153' title='bbox 762 2137 871 2163; x_wconf 90' lang='lat' dir='ltr'>nova</span> <span class='ocrx_word' id='word_1_154' title='bbox 892 2125 1107 2164; x_wconf 87' lang='lat' dir='ltr'>Salamina</span> <span class='ocrx_word' id='word_1_155' title='bbox 1126 2125 1326 2164; x_wconf 83' lang='lat' dir='ltr'>futuram.</span> 
     </span>
     <span class='ocr_line' id='line_1_35' title="bbox 389 2201 995 2253; baseline 0.002 -14"><span class='ocrx_word' id='word_1_156' title='bbox 389 2207 412 2226; x_wconf 87' lang='lat'><strong>“</strong></span> <span class='ocrx_word' id='word_1_157' title='bbox 426 2201 460 2240; x_wconf 94' lang='lat' dir='ltr'>O</span> <span class='ocrx_word' id='word_1_158' title='bbox 482 2201 612 2240; x_wconf 88' lang='lat' dir='ltr'>fortes</span> <span class='ocrx_word' id='word_1_159' title='bbox 634 2202 858 2253; x_wconf 89' lang='lat' dir='ltr'>peioraque</span> <span class='ocrx_word' id='word_1_160' title='bbox 881 2202 995 2253; x_wconf 89' lang='lat' dir='ltr'>passi</span> 
     </span>
    </p>

    <p class='ocr_par' dir='ltr' id='par_1_24' title="bbox 279 2279 1330 2330">
     <span class='ocr_line' id='line_1_36' title="bbox 279 2279 1330 2330; baseline 0.001 -13"><span class='ocrx_word' id='word_1_161' title='bbox 279 2285 302 2303; x_wconf 86' lang='lat'><strong>“</strong></span> <span class='ocrx_word' id='word_1_162' title='bbox 316 2279 482 2317; x_wconf 89' lang='lat' dir='ltr'>Mecum</span> <span class='ocrx_word' id='word_1_163' title='bbox 504 2291 626 2330; x_wconf 89' lang='lat' dir='ltr'>saepe</span> <span class='ocrx_word' id='word_1_164' title='bbox 648 2279 742 2327; x_wconf 85' lang='lat' dir='ltr'>viri,</span> <span class='ocrx_word' id='word_1_165' title='bbox 766 2292 875 2317; x_wconf 90' lang='lat' dir='ltr'>nunc</span> <span class='ocrx_word' id='word_1_166' title='bbox 897 2279 994 2318; x_wconf 87' lang='lat' dir='ltr'>vino</span> <span class='ocrx_word' id='word_1_167' title='bbox 1015 2279 1160 2330; x_wconf 88' lang='lat' dir='ltr'>pellite</span> <span class='ocrx_word' id='word_1_168' title='bbox 1182 2292 1302 2318; x_wconf 87' lang='lat' dir='ltr'>curas</span> <span class='ocrx_word' id='word_1_169' title='bbox 1322 2296 1330 2318; x_wconf 78' lang='grc' dir='ltr'>ε</span> 
     </span>
    </p>
   </div>
   <div class='ocr_carea' id='block_1_13' title="bbox 391 2356 1181 2464">
    <p class='ocr_par' dir='ltr' id='par_1_25' title="bbox 391 2356 1181 2464">
     <span class='ocr_line' id='line_1_37' title="bbox 391 2356 1181 2407; baseline -0.001 -12"><span class='ocrx_word' id='word_1_170' title='bbox 391 2357 524 2396; x_wconf 85' lang='lat' dir='ltr'>“Cras</span> <span class='ocrx_word' id='word_1_171' title='bbox 547 2356 694 2407; x_wconf 87' lang='lat' dir='ltr'>ingens</span> <span class='ocrx_word' id='word_1_172' title='bbox 719 2356 964 2395; x_wconf 82' lang='lat' dir='ltr'>iterabimus</span> <span class='ocrx_word' id='word_1_173' title='bbox 987 2357 1181 2406; x_wconf 79' lang='lat' dir='ltr'>aequor.&#39;’</span> 
     </span>
     <span class='ocr_line' id='line_1_38' title="bbox 802 2435 880 2464; baseline -0.013 0"><span class='ocrx_word' id='word_1_174' title='bbox 802 2435 880 2464; x_wconf 83' lang='lat'><strong>‹13›</strong></span> 
     </span>
    </p>
   </div>
  </div>
 </body>
</html>
