1721 2615
662 96 830 124 CARMEN
853 96 894 123 11.
915 96 989 123 xiv.

377 228 384 235 .
432 197 550 235 Eheu
574 197 754 246 fugaces,
779 197 986 245 Postume,
1010 196 1220 243 Postume,

432 265 648 303 Labuntur
669 264 781 312 anni,
805 277 879 303 nec
900 265 1035 314 pietas
1059 277 1214 302 moram

487 333 620 383 Rugis
642 337 684 371 et
706 333 884 371 instanti
908 337 1099 371 senectae

541 399 703 440 Afferet
725 401 1034 452 indomitaeque
1056 401 1193 449 morti,
1208 426 1263 430 —

377 554 383 561 .
431 523 540 571 Non,
562 523 598 561 si
621 523 813 570 trecenis,
838 527 1042 573 quotquot
1064 527 1164 561 eunt
1185 523 1286 571 dies,

432 592 588 640 Amice,
611 591 750 642 places
780 591 1113 630 illacrimabilem

486 661 669 700 Plutona
693 661 837 708 tauris,
862 662 933 711 qui
954 665 1019 699 ter
1040 661 1224 711 amplum

542 731 763 780 Geryonen
786 730 1023 780 Tityonque
1044 729 1159 767 tristi

376 884 383 890 .
432 852 668 903 Compescit
691 852 812 898 unda,
837 851 995 890 scilicet
1020 851 1222 899 omnibus,

430 920 675 971 Quicunque
696 924 831 958 terrae
853 932 1022 958 munere
1043 919 1261 969 vescimur,

486 988 772 1038 Enaviganda,
798 988 886 1026 sive
908 1000 1024 1037 reges

544 1057 640 1095 Sive
663 1056 808 1107 inopes
832 1056 985 1094 erimus
1008 1056 1154 1095 coloni.

377 1211 383 1218 .
431 1180 606 1218 Frustra
627 1183 798 1218 cruento
822 1180 958 1217 Marte
980 1178 1210 1217 carebimus

432 1248 677 1298 Fractisque
700 1247 813 1285 rauci
835 1246 1030 1285 fluctibus
1053 1246 1252 1295 Hadriae,

486 1317 662 1354 Frustra
682 1328 755 1366 per
776 1319 1020 1353 auctumnos
1043 1319 1259 1353 nocentem

542 1384 794 1435 Corporibus
817 1387 1048 1421 metuemus
1077 1388 1280 1421 austrum:

379 1539 386 1547 .
432 1506 643 1546 Visendus
666 1511 755 1545 ater
778 1506 947 1545 flumine
974 1506 1172 1556 languido

432 1576 610 1626 Cocytos
634 1587 776 1613 errans
800 1579 841 1613 et
864 1574 1001 1613 Danai
1024 1587 1152 1624 genus

488 1644 654 1682 Infame
676 1644 981 1693 damnatusque
1003 1643 1117 1692 longi

544 1712 749 1762 Sisyphus
775 1711 970 1749 Aeolides
992 1711 1158 1749 laboris.

379 1867 386 1874 .
434 1836 684 1886 Linquenda
705 1835 833 1873 tellus
855 1839 897 1873 et
919 1835 1064 1873 domus
1086 1838 1128 1873 et
1148 1834 1316 1885 placens

434 1905 565 1951 Uxor,
588 1916 721 1955 neque
743 1904 902 1950 harum,
927 1916 1028 1953 quas
1051 1903 1165 1950 colis,
1188 1902 1381 1941 arborum

488 1973 546 2011 Te
568 1976 732 2023 praeter
756 1971 914 2010 invisas
937 1983 1154 2022 cupressos

545 2040 647 2079 Ulla
667 2040 835 2078 brevem
860 2039 1074 2077 dominum
1096 2042 1303 2089 sequetur.

380 2194 386 2200 .
432 2161 638 2200 Absumet
658 2161 777 2200 heres
801 2161 989 2201 Caecuba
1010 2161 1174 2210 dignior

435 2231 609 2269 Servata
630 2234 798 2269 centum
819 2229 1019 2277 clavibus,
1044 2233 1085 2267 et
1106 2241 1219 2267 mero

489 2298 642 2348 Tinget
664 2298 948 2348 pavimentum
971 2298 1161 2347 superbo,

547 2365 802 2404 Pontificum
824 2365 985 2416 potiore
1007 2365 1157 2403 coenis.

797 2436 850 2467 (30
863 2436 872 2467 )
