1747 2620
362 168 399 205 2.
447 168 527 206 Seu
549 172 731 206 maestus
754 167 866 205 omui
888 173 1074 218 tempore
1096 166 1265 214 vixeris,

446 246 525 283 Seu
548 249 588 282 te
611 245 654 282 iu
675 248 832 282 remoto
854 244 1039 294 gramine
1061 256 1134 294 per
1155 243 1244 281 dies

501 322 645 359 Festos
668 321 916 359 reclinatum
938 320 1073 358 bearis

557 398 760 436 Interiore
783 404 881 436 uota
908 398 1085 442 Falerni,

359 543 396 581 3.
443 541 530 587 Quo
551 542 674 592 pinus
697 542 844 591 ingens
862 542 1038 592 albaque
1060 541 1238 592 populus

450 619 644 657 Umbram
667 619 918 669 hospitalem
941 619 1176 657 consociare
1199 624 1340 657 amant

498 696 654 743 Ramis,
678 701 720 734 et
741 696 909 746 obliquo
930 696 1092 735 laborat

554 774 745 824 Lympha
767 774 896 823 fugax
918 774 1127 824 trepidare
1149 774 1238 811 rivo
1258 789 1264 810 :

361 918 396 956 4.
446 917 538 956 Huc
559 918 659 955 vina
679 922 720 956 et
741 924 955 967 unguenta
976 922 1019 956 et
1039 917 1215 955 nimium
1236 917 1382 955 breves

445 994 586 1033 Flores
608 1007 804 1033 amoenae
827 995 936 1033 ferre
959 994 1053 1033 iube
1076 1006 1205 1042 rosae,

498 1073 609 1110 Dum
629 1085 695 1110 res
717 1076 759 1110 e‘c
780 1077 895 1110 aetas
917 1077 959 1110 et
980 1085 1167 1111 sororum

555 1149 647 1188 Fila
666 1149 793 1188 trium
817 1150 1035 1200 patiuntur
1056 1154 1158 1188 abra.

358 1293 395 1332 5.
441 1293 572 1332 Cedes
594 1293 767 1332 coemtis
790 1293 966 1332 saltibus
989 1298 1031 1331 eb
1052 1293 1173 1332 domo

442 1370 652 1420 Villaque,
675 1370 807 1408 flavus
830 1383 955 1421 quam
977 1371 1141 1409 Tiberis
1163 1370 1278 1418 lavit,

498 1447 629 1487 Cedes
652 1452 694 1486 et
715 1448 940 1486 exstructis
963 1448 1007 1485 in
1029 1448 1161 1486 altum

553 1524 728 1563 Divitiis
753 1525 937 1575 potietur
959 1525 1089 1564 heres.

359 1669 396 1707 6.
443 1668 627 1707 Divesne
648 1668 784 1719 priseo
806 1672 930 1707 natus
952 1669 1004 1707 ab
1024 1669 1194 1715 Inacho,

441 1745 515 1783 Nil
544 1745 732 1794 interest,
755 1759 808 1784 an
830 1759 988 1797 pauper
1009 1751 1051 1785 et
1072 1746 1216 1785 infima

498 1823 560 1861 De
583 1827 706 1872 gente
727 1823 804 1862 sub
826 1824 923 1862 divo
945 1824 1132 1872 moreris,

554 1900 737 1939 Victima
758 1901 818 1938 nil
842 1901 1080 1941 miserantis
1104 1902 1210 1941 Oroi.

359 2045 395 2083 7.
442 2044 595 2084 Omnes
618 2045 763 2083 eodem
785 2046 983 2094 cogimur,
1007 2045 1191 2084 omnium

440 2121 643 2160 Versatur
662 2135 769 2160 urna
789 2122 921 2161 serius
944 2122 1058 2162 ocius

496 2198 594 2237 Sors
616 2199 780 2238 exitura
801 2204 842 2238 et
863 2212 938 2239 nos
959 2199 1004 2238 in
1026 2204 1239 2239 aeternum

550 2275 759 2314 Exsilium
781 2276 1030 2327 impositura
1050 2277 1232 2327 cymbae.

801 2356 810 2385 (
821 2354 854 2381 29
867 2354 878 2386 )
